<record><leader>00000cas a2200000 a 4500</leader><controlfield tag="001">849810328</controlfield><controlfield tag="006">m     o  d s      </controlfield><controlfield tag="007">cr |n|||||||||</controlfield><controlfield tag="008">120928c19849999ncuwr neo    s0    0eng c</controlfield><datafield ind1=" " ind2=" " tag="010"><subfield code="a">  2014236917</subfield></datafield><datafield ind1=" " ind2=" " tag="040"><subfield code="a">SYB</subfield><subfield code="b">eng</subfield><subfield code="e">pn</subfield><subfield code="c">SYB</subfield><subfield code="d">OCLCO</subfield><subfield code="d">NOC</subfield><subfield code="d">OCLCF</subfield><subfield code="d">TEFOD</subfield><subfield code="d">TEF</subfield><subfield code="d">OCLCQ</subfield></datafield><datafield ind1=" " ind2=" " tag="019"><subfield code="a">904340618</subfield></datafield><datafield ind1=" " ind2=" " tag="037"><subfield code="a">AB2B3396-0CD0-43A2-BEC2-E47294A23E5B</subfield><subfield code="b">OverDrive, Inc.</subfield><subfield code="n">http://www.overdrive.com</subfield></datafield><datafield ind1=" " ind2=" " tag="042"><subfield code="a">pcc</subfield></datafield><datafield ind1=" " ind2=" " tag="043"><subfield code="a">n-us-nc</subfield></datafield><datafield ind1=" " ind2="4" tag="050"><subfield code="a">LD3929.5</subfield></datafield><datafield ind1="0" ind2="4" tag="082"><subfield code="a">378.756/88</subfield><subfield code="2">23</subfield></datafield><datafield ind1="0" ind2=" " tag="130"><subfield code="a">Blue banner (Asheville, N.C.)</subfield></datafield><datafield ind1="1" ind2="4" tag="245"><subfield code="a">The blue banner.</subfield></datafield><datafield ind1=" " ind2=" " tag="260"><subfield code="a">[Asheville, N.C.] :</subfield><subfield code="b">[University of North Carolina at Asheville]</subfield></datafield><datafield ind1=" " ind2=" " tag="310"><subfield code="a">Weekly</subfield></datafield><datafield ind1=" " ind2=" " tag="336"><subfield code="a">text</subfield><subfield code="b">txt</subfield><subfield code="2">rdacontent</subfield></datafield><datafield ind1=" " ind2=" " tag="337"><subfield code="a">computer</subfield><subfield code="b">c</subfield><subfield code="2">rdamedia</subfield></datafield><datafield ind1=" " ind2=" " tag="338"><subfield code="a">online resource</subfield><subfield code="b">cr</subfield><subfield code="2">rdacarrier</subfield></datafield><datafield ind1="1" ind2=" " tag="362"><subfield code="a">Began in 1984?</subfield></datafield><datafield ind1=" " ind2=" " tag="500"><subfield code="a">"Serving the students of the University of North Carolina at Asheville since 1982."</subfield></datafield><datafield ind1=" " ind2=" " tag="500"><subfield code="a">"Formerly Kaleidoscope."</subfield></datafield><datafield ind1=" " ind2=" " tag="588"><subfield code="a">Description based on: Vol. 5, no. 1 (Sept. 5, 1984); title from caption.</subfield></datafield><datafield ind1=" " ind2=" " tag="588"><subfield code="a">Latest issue consulted: Vol. 11, no. 7 (Oct. 15, 1987).</subfield></datafield><datafield ind1="2" ind2="0" tag="610"><subfield code="a">University of North Carolina at Asheville</subfield><subfield code="v">Periodicals.</subfield></datafield><datafield ind1="2" ind2="7" tag="610"><subfield code="a">University of North Carolina at Asheville.</subfield><subfield code="2">fast</subfield><subfield code="0">(OCoLC)fst00605106</subfield></datafield><datafield ind1=" " ind2="4" tag="655"><subfield code="a">Electronic journals.</subfield></datafield><datafield ind1=" " ind2="7" tag="655"><subfield code="a">Periodicals.</subfield><subfield code="2">fast</subfield><subfield code="0">(OCoLC)fst01411641</subfield></datafield><datafield ind1=" " ind2=" " tag="752"><subfield code="a">United States</subfield><subfield code="b">North Carolina</subfield><subfield code="c">Buncombe</subfield><subfield code="d">Asheville.</subfield></datafield><datafield ind1="0" ind2="0" tag="780"><subfield code="t">Kaleidoscope (Asheville, N.C.)</subfield><subfield code="w">(DLC)  2014236914</subfield><subfield code="w">(OCoLC)897119403</subfield></datafield><datafield ind1="4" ind2="0" tag="856"><subfield code="3">OverDrive</subfield><subfield code="u">https://www.overdrive.com/search?q=AB2B3396-0CD0-43A2-BEC2-E47294A23E5B</subfield></datafield><datafield ind1="4" ind2="0" tag="856"><subfield code="u">http://www.digitalnc.org/newspapers/university-of-north-carolina-at-asheville-student-newspaper/</subfield></datafield><datafield ind1="4" ind2="2" tag="856"><subfield code="u">http://thebluebanner.net/</subfield></datafield><datafield ind1="4" ind2=" " tag="856"><subfield code="3">Image</subfield><subfield code="u">http://images.cdn.overdrive.com/ImageType-100/6048-1/{AB2B3396-0CD0-43A2-BEC2-E47294A23E5B}Img100.jpg</subfield></datafield></record>